<record xmlns="http://www.loc.gov/MARC21/slim" xmlns:xsi="http://www.w3.org/2001/XMLSchema-instance" xsi:schemaLocation="http://www.loc.gov/MARC21/slim http://www.loc.gov/standards/marcxml/schema/MARC21slim.xsd"><leader>01981nam a2200385   4500</leader><controlfield tag="001">3068040</controlfield><controlfield tag="003">NNC</controlfield><controlfield tag="006">m        d        </controlfield><controlfield tag="007">cr cn |||m|||a</controlfield><controlfield tag="008">150223s1948    ua af   o     000 0carar </controlfield><datafield ind1=" " ind2=" " tag="040"><subfield code="a">NNU</subfield><subfield code="b">eng</subfield><subfield code="e">rda</subfield><subfield code="c">NNU</subfield></datafield><datafield ind1=" " ind2=" " tag="043"><subfield code="a">a------</subfield><subfield code="a">f------</subfield></datafield><datafield ind1="0" ind2="0" tag="050"><subfield code="a">DS35.5</subfield><subfield code="b">.A47 1948</subfield></datafield><datafield ind1="1" ind2=" " tag="100"><subfield code="6">880-01</subfield><subfield code="a">Ami&#772;n, Ah&#803;mad,</subfield><subfield code="d">1886-1954.</subfield></datafield><datafield ind1="1" ind2="0" tag="245"><subfield code="6">880-02</subfield><subfield code="a">Zu&#699;ama&#772;&#700; al-is&#803;la&#772;h&#803; fi&#772; al-&#699;as&#803;r al-h&#803;adi&#772;th /</subfield><subfield code="c">ta&#700;li&#772;f Ah&#803;mad Ami&#772;n.</subfield></datafield><datafield ind1=" " ind2=" " tag="260"><subfield code="6">880-03</subfield><subfield code="a">al-Qa&#772;hirah :</subfield><subfield code="b">Maktabat al-Nahd&#803;ah al-Mis&#803;ri&#772;yah,</subfield><subfield code="c">1948.</subfield></datafield><datafield ind1=" " ind2=" " tag="300"><subfield code="a">online resource (349 pages, [16] leaves of plates) :</subfield><subfield code="b">illustrations</subfield></datafield><datafield ind1=" " ind2=" " tag="336"><subfield code="a">text</subfield><subfield code="2">rdacontent</subfield></datafield><datafield ind1=" " ind2=" " tag="337"><subfield code="a">computer</subfield><subfield code="2">rdamedia</subfield></datafield><datafield ind1=" " ind2=" " tag="338"><subfield code="a">online resource</subfield><subfield code="2">rdacarrier</subfield></datafield><datafield ind1=" " ind2=" " tag="500"><subfield code="a">Part of the Arabic Collections Online (ACO) project, contributed by Columbia University Libraries.</subfield></datafield><datafield ind1=" " ind2=" " tag="533"><subfield code="a">Electronic reproduction.</subfield><subfield code="b">New York, N.Y. :</subfield><subfield code="c">New York University,</subfield><subfield code="d">2015.</subfield><subfield code="5">NNU</subfield></datafield><datafield ind1=" " ind2="0" tag="651"><subfield code="a">Islamic countries</subfield><subfield code="v">Biography.</subfield></datafield><datafield ind1=" " ind2="7" tag="651"><subfield code="a">Islamic countries.</subfield><subfield code="2">fast</subfield><subfield code="0">(OCoLC)fst01244130</subfield></datafield><datafield ind1=" " ind2="7" tag="655"><subfield code="a">Biography.</subfield><subfield code="2">fast</subfield><subfield code="0">(OCoLC)fst01423686</subfield></datafield><datafield ind1="2" ind2=" " tag="710"><subfield code="a">Columbia University.</subfield><subfield code="b">Libraries.</subfield></datafield><datafield ind1="0" ind2=" " tag="730"><subfield code="a">Arabic Collections Online.</subfield></datafield><datafield ind1="0" ind2="8" tag="776"><subfield code="i">Online version:</subfield><subfield code="a">Ami&#772;n, Ah&#803;mad, 1886-1954.</subfield><subfield code="t">Zu&#699;ama&#772;&#700; al-is&#803;la&#772;h&#803; fi&#772; al-&#699;as&#803;r al-h&#803;adi&#772;th.</subfield><subfield code="d">al-Qa&#772;hirah : Maktabat al-Nahd&#803;ah al-Mis&#803;ri&#772;yah, 1948</subfield><subfield code="w">(OCoLC)720123674</subfield></datafield><datafield ind1="0" ind2="8" tag="776"><subfield code="i">Print version:</subfield><subfield code="a">Ami&#772;n, Ah&#803;mad, 1886-1954.</subfield><subfield code="t">Zu&#699;ama&#772;&#700; al-is&#803;la&#772;h&#803; fi&#772; al-&#699;as&#803;r al-h&#803;adi&#772;th</subfield><subfield code="w">(NNC)3068040</subfield><subfield code="w">(DLC)   80961268 </subfield><subfield code="w">(OCoLC)12050992</subfield></datafield><datafield ind1="4" ind2="0" tag="856"><subfield code="u">http://hdl.handle.net/2333.1/15dv43d8</subfield></datafield><datafield ind1="1" ind2=" " tag="880"><subfield code="6">100-01/r</subfield><subfield code="a">&#1575;&#1605;&#1610;&#1606;&#1548; &#1575;&#1581;&#1605;&#1583;&#1548;,</subfield><subfield code="d">1886-1954.</subfield></datafield><datafield ind1="1" ind2="0" tag="880"><subfield code="6">245-02/r</subfield><subfield code="a">&#1586;&#1593;&#1605;&#1575;&#1569; &#1575;&#1604;&#1573;&#1589;&#1604;&#1575;&#1581; &#1601;&#1610; &#1575;&#1604;&#1593;&#1589;&#1585; &#1575;&#1604;&#1581;&#1583;&#1610;&#1579; /</subfield><subfield code="c">&#1575;&#1581;&#1605;&#1583; &#1575;&#1605;&#1610;&#1606;.</subfield></datafield><datafield ind1=" " ind2=" " tag="880"><subfield code="6">260-03/r</subfield><subfield code="a">&#1575;&#1604;&#1602;&#1575;&#1607;&#1585;&#1577; :</subfield><subfield code="b">&#1605;&#1603;&#1578;&#1576;&#1577; &#1575;&#1604;&#1606;&#1607;&#1590;&#1577; &#1575;&#1604;&#1605;&#1589;&#1585;&#1610;&#1577;&#1548;</subfield><subfield code="c">1948.</subfield></datafield><datafield ind1=" " ind2=" " tag="959"><subfield code="a">NNU</subfield><subfield code="b">WEB</subfield><subfield code="c">GENI</subfield><subfield code="t">0</subfield><subfield code="m">Electronic access</subfield><subfield code="s">01</subfield></datafield><datafield ind1=" " ind2=" " tag="999"><subfield code="i">NNC_3068040</subfield><subfield code="o">(OCoLC)ocm12050992 </subfield><subfield code="s">columbia_aco000142</subfield></datafield></record>